<?xml version="1.0" encoding="UTF-8"?><collection xmlns="http://www.loc.gov/MARC21/slim"><record><leader>00356nam--2200121-i-4500</leader><controlfield tag="001">000030733</controlfield><controlfield tag="002">20161230</controlfield><controlfield tag="005">20161230201038</controlfield><controlfield tag="008">060222s1000------------r-----000-0-eng-d</controlfield><datafield ind1=" " ind2=" " tag="100"><subfield code="a">Mcclure, Walter</subfield></datafield><datafield ind1=" " ind2=" " tag="245"><subfield code="a">Wildermuth, karl</subfield></datafield><datafield ind1=" " ind2=" " tag="260"><subfield code="a">Cluster Representation Of Nuclei</subfield></datafield><datafield ind1=" " ind2=" " tag="490"><subfield code="a">Springer Tracts In Modern Physics.Ergebnisse Der Exakten Naturwissenschaften</subfield></datafield></record></collection>